@FOOTNOTE{Note1,key="Note1",note="TODO: cite others"}
@FOOTNOTE{Note2,key="Note2",note="TODO: discuss mc more clearly"}
@FOOTNOTE{Note3,key="Note3",note="TODO: state scaling $\protect \EuScript  {O}(n)$?"}
@FOOTNOTE{Note4,key="Note4",note="TODO: cite"}
@FOOTNOTE{Note5,key="Note5",note="TODO: cite"}
@FOOTNOTE{Note6,key="Note6",note="TODO: justify these statements"}
@FOOTNOTE{Note7,key="Note7",note="TODO: clarify how momenta are decoupled"}
@FOOTNOTE{Note8,key="Note8",note="TODO: cite someone that uses $\mu $"}
@FOOTNOTE{Note9,key="Note9",note="TODO: point out limit of QKEs"}
@FOOTNOTE{Note10,key="Note10",note="TODO: identify $\protect \EuScript  {K}_{\protect \rm  AE}$ and $\kappa ^*$, in e.g.\ \cite {hari2010-gr_nunubar_collapsar}"}
@FOOTNOTE{Note11,key="Note11",note="TODO: relate moments to other frames?"}
@FOOTNOTE{Note12,key="Note12",note="TODO: consistent with Eqn.~\ref {eqn:def_direction}?"}
@FOOTNOTE{Note13,key="Note13",note="TODO: specify ScaledAbsRel algorithm"}
@FOOTNOTE{Note14,key="Note14",note="TODO: specify"}
@FOOTNOTE{Note15,key="Note15",note="TODO: explain why; cite others"}
@FOOTNOTE{Note16,key="Note16",note="available at \protect \lstinline {stellarcollapse.org}"}
@FOOTNOTE{Note17,key="Note17",note="TODO: anything else?"}
@FOOTNOTE{Note18,key="Note18",note="TODO: could write more simply because Minkowski"}
@FOOTNOTE{Note19,key="Note19",note="TODO: discuss with Matt"}
@FOOTNOTE{Note20,key="Note20",note="TODO: add metric terms for these integrals"}
@FOOTNOTE{Note21,key="Note21",note="TODO: compute some geodesics in Kerr"}
@FOOTNOTE{Note22,key="Note22",note="TODO: demonstrate"}
@FOOTNOTE{Note23,key="Note23",note="\protect \url  {http://www.gr1dcode.org}"}
@FOOTNOTE{Note24,key="Note24",note="TODO: also lieb2005, mull2010"}
@FOOTNOTE{Note25,key="Note25",note="TODO: cite early SpEC paper"}
@FOOTNOTE{Note26,key="Note26",note="\protect \url  {https://bitbucket.org/srichers/sedonu}"}
@FOOTNOTE{Note27,key="Note27",note="TODO: use a consistent lengthscale symbol throughout paper. $d$? $D$? $r$? $l$?"}
@FOOTNOTE{Note28,key="Note28",note="TODO: update MC results 02$\rightarrow 0$3"}
@FOOTNOTE{Note29,key="Note29",note="TODO: give equation for L"}
@FOOTNOTE{Note30,key="Note30",note="TODO: should be $\chi _a^*=\varepsilon \zeta _a$ for $\nu _x$"}
@FOOTNOTE{Note31,key="Note31",note="TODO: cite Rezzolla et Kumar 2014, Ravi et Lasky 2014"}
@FOOTNOTE{Note32,key="Note32",note="TODO: too simplistic"}
@FOOTNOTE{Note33,key="Note33",note="TODO: source of GR error in coordinate $r$"}
@FOOTNOTE{Note34,key="Note34",note="TODO: in compute-eta data not true anymore for $\nu _e$"}
@FOOTNOTE{Note35,key="Note35",note="TODO: with compute-eta data also explain why $G_{\nu _e}>G_{\protect \mathaccentV {bar}016{\nu }_e}$ for $\theta =0$ at $\protect \qopname  \relax o{cos}A>0.995$."}
@FOOTNOTE{Note36,key="Note36",note="TODO: cite Yang et Kneller"}
@FOOTNOTE{Note37,key="Note37",note="TODO: mention $\protect \mathaccentV {bar}016{\nu }$ eqn"}
@FOOTNOTE{Note38,key="Note38",note="TODO: be clearer"}
@FOOTNOTE{Note39,key="Note39",note="TODO: cite someone"}
@FOOTNOTE{Note40,key="Note40",note="TODO: say something about its validity"}
@FOOTNOTE{Note41,key="Note41",note="TODO: cite vlasenko?"}
@FOOTNOTE{Note42,key="Note42",note="TODO: cite Surman \& McLaughlin ApJ 618, 2005"}
@FOOTNOTE{Note43,key="Note43",note="cite Nouri et al 2018"}
@FOOTNOTE{Note44,key="Note44",note="TODO: update this paragraph to new compute-eta data"}
@FOOTNOTE{Note45,key="Note45",note="TODO: define explicitly"}
@FOOTNOTE{Note46,key="Note46",note="TODO: note some improvements needed: implement implicit time-stepping, use finite-difference grid for fluid vars, improve gray spectral assumptions"}
@FOOTNOTE{Note47,key="Note47",note="TODO: grant nos?"}
@FOOTNOTE{Note48,key="Note48",note="TODO: but we use a nonzero $C^{\nu _x}_{{\protect \rm  AE}}$"}
@FOOTNOTE{Note49,key="Note49",note="\protect \url  {http://www.nulib.org}"}
@FOOTNOTE{Note50,key="Note50",note="TODO: explain Fermi-blocking"}
@FOOTNOTE{Note51,key="Note51",note="TODO: drop anisotropic term and defend"}
@FOOTNOTE{Note52,key="Note52",note="TODO: defend"}
@FOOTNOTE{Note53,key="Note53",note="TODO: cite \cite {keil2003-pinched_spectra} or someone"}
@FOOTNOTE{Note54,key="Note54",note="TODO: compare relative amounts of inelastic to elastic scattering"}
@FOOTNOTE{Note55,key="Note55",note="TODO: explain this choice, and cite \cite {keil2003-pinched_spectra} or someone"}
@FOOTNOTE{Note56,key="Note56",note="TODO: describe better"}
@CONTROL{REVTEX41Control}
@CONTROL{apsrev41Control,author="08",editor="1",pages="0",title="",year="1"}
